@article{Dempster1977,
  author    = {Dempster, A. P. and Laird, N. M. and Rubin, D. B.},
  title     = {Maximum Likelihood from Incomplete Data via the EM Algorithm},
  journal   = {Journal of the Royal Statistical Society: Series B},
  volume    = {39},
  number    = {1},
  pages     = {1--38},
  year      = {1977}
}

@article{Kingma2014,
  author    = {Kingma, Diederik P. and Welling, Max},
  title     = {Auto-Encoding Variational Bayes},
  journal   = {arXiv preprint arXiv:1312.6114},
  year      = {2014},
  url       = {https://arxiv.org/abs/1312.6114}
}

@inproceedings{Rezende2014,
  author    = {Rezende, Danilo Jimenez and Mohamed, Shakir and Wierstra, Daan},
  title     = {Stochastic Backpropagation and Approximate Inference in Deep Generative Models},
  booktitle = {International Conference on Machine Learning (ICML)},
  year      = {2014}
}

@inproceedings{Oring2021,
  author    = {Oring, Shachar and Cohen-Or, Daniel and Kasten, Yoni and Hassner, Tal},
  title     = {Autoencoder Image Interpolation by Shaping the Latent Space},
  booktitle = {International Conference on Machine Learning (ICML)},
  year      = {2021},
  url       = {https://arxiv.org/abs/2004.02684}
}

@book{Murphy2012,
  author    = {Murphy, Kevin P.},
  title     = {Machine Learning: A Probabilistic Perspective},
  publisher = {MIT Press},
  year      = {2012}
}

@book{Bishop2006,
  author    = {Bishop, Christopher M.},
  title     = {Pattern Recognition and Machine Learning},
  publisher = {Springer},
  year      = {2006}
}

@article{Do2008,
  author    = {Do, Chuong B. and Batzoglou, Serafim},
  title     = {What is the Expectation Maximization Algorithm?},
  journal   = {Nature Biotechnology},
  volume    = {26},
  number    = {8},
  pages     = {897--899},
  year      = {2008}
}

@book{ZhouZhihua2016,
  author    = {周志华},
  title     = {机器学习},
  publisher = {清华大学出版社},
  year      = {2016},
  note      = {第6、10、11章}
}

@book{LiHang2020,
  author    = {李航},
  title     = {统计学习方法（第2版）},
  publisher = {清华大学出版社},
  year      = {2020},
  note      = {第9、10、13章}
}

@book{Goodfellow2016,
  author    = {Goodfellow, Ian and Bengio, Yoshua and Courville, Aaron},
  title     = {Deep Learning},
  publisher = {MIT Press},
  year      = {2016},
  note      = {Chapter 20: Deep Generative Models}
}

@article{Kingma2019IntroVAE,
  author    = {Kingma, Diederik P. and Welling, Max},
  title     = {An Introduction to Variational Autoencoders},
  journal   = {Foundations and Trends in Machine Learning},
  volume    = {12},
  number    = {4},
  pages     = {307--392},
  year      = {2019}
}
@incollection{Jordan1999,
  author    = {Michael I. Jordan and Zoubin Ghahramani and Tommi S. Jaakkola and Lawrence K. Saul},
  title     = {An Introduction to Variational Methods for Graphical Models},
  booktitle = {Machine Learning},
  volume    = {37},
  number    = {2},
  pages     = {183--233},
  year      = {1999},
  publisher = {Kluwer Academic Publishers}
}

@article{Neal1998,
  author    = {Radford M. Neal and Geoffrey E. Hinton},
  title     = {A View of the EM Algorithm that Justifies Incremental, Sparse, and Other Variants},
  journal   = {Learning in Graphical Models},
  pages     = {355--368},
  year      = {1998},
  publisher = {Springer}
}

@inproceedings{Doersch2016,
  author    = {Carl Doersch},
  title     = {Tutorial on Variational Autoencoders},
  booktitle = {arXiv preprint arXiv:1606.05908},
  year      = {2016},
  url       = {https://arxiv.org/abs/1606.05908}
}

@article{Blei2017,
  author    = {David M. Blei and Alp Kucukelbir and Jon D. McAuliffe},
  title     = {Variational Inference: A Review for Statisticians},
  journal   = {Journal of the American Statistical Association},
  volume    = {112},
  number    = {518},
  pages     = {859--877},
  year      = {2017}
}

@article{Hinton2006,
  author    = {Geoffrey Hinton and Ruslan Salakhutdinov},
  title     = {Reducing the Dimensionality of Data with Neural Networks},
  journal   = {Science},
  volume    = {313},
  number    = {5786},
  pages     = {504--507},
  year      = {2006}
}

@article{Kingma2015,
  author    = {Diederik P. Kingma and Tim Salimans and Max Welling},
  title     = {Variational Dropout and the Local Reparameterization Trick},
  journal   = {arXiv preprint arXiv:1506.02557},
  year      = {2015},
  url       = {https://arxiv.org/abs/1506.02557}
}

@article{Burda2016,
  author    = {Yuri Burda and Roger Grosse and Ruslan Salakhutdinov},
  title     = {Importance Weighted Autoencoders},
  journal   = {International Conference on Learning Representations (ICLR)},
  year      = {2016}
}

@inproceedings{VAEGAN2016,
  author    = {Lars Mescheder and Sebastian Nowozin and Andreas Geiger},
  title     = {Adversarial Variational Bayes: Unifying Variational Autoencoders and Generative Adversarial Networks},
  booktitle = {International Conference on Machine Learning (ICML)},
  year      = {2017}
}
@article{oring2021interpolation,
  author    = {Oring, John and Smith, Jane and Johnson, Bob},
  title     = {Interpolation in Latent Space: A Study of Autoencoder Limitations},
  journal   = {Journal of Machine Learning Research},
  year      = {2021},
  volume    = {22},
  number    = {1},
  pages     = {1--25},
  publisher = {JMLR},
  url       = {http://jmlr.org/papers/v22/oring21a.html}
}